<?xml version="1.0" encoding="UTF-8"?><collection xmlns="http://www.loc.gov/MARC21/slim"><record><leader>00498nam--2200169-i-4500</leader><controlfield tag="001">000029619</controlfield><controlfield tag="002">20161230</controlfield><controlfield tag="005">20161230201037</controlfield><controlfield tag="008">060222s1000------------r-----000-0-eng-d</controlfield><datafield ind1="1" ind2=" " tag="100"><subfield code="a">William, Floyd L</subfield></datafield><datafield ind1=" " ind2=" " tag="245"><subfield code="a">Tensor products of principal series representations. reduction of tensor products..</subfield></datafield><datafield ind1=" " ind2=" " tag="260"><subfield code="a">Berlin, Springer-verlag, 1973</subfield></datafield><datafield ind1=" " ind2=" " tag="300"><subfield code="a">132 P</subfield></datafield><datafield ind1=" " ind2=" " tag="490"><subfield code="a">Lecture Notes In Mathematics. Vol.358:</subfield></datafield><datafield ind1=" " ind2=" " tag="700"><subfield code="a">Floyd L. William</subfield></datafield><datafield ind1=" " ind2=" " tag="852"><subfield code="a">45368</subfield></datafield><datafield ind1=" " ind2=" " tag="CAT"><subfield code="a">Sys</subfield><subfield code="c">20080513</subfield><subfield code="h">132518</subfield></datafield></record></collection>